@online{TAG,
    author = {AUTHOR},
    title = {REF TITLE},
    year = 2015,
    url = {http://www.url.com/},
    urldate = {\today},
    organization = {ORG},
}


@article{ARTIC,
  author = {D. M. Watkins, L. Cu√©llar, D. A. Kubicek, E. Rodriguez, P. D. Stroud},
  year = {2015},
  title = {Identifying Security Checkpoint Locations to Protect the Major US Urban Areas},
  journal = {Homeland Security Aairs Journal},
  volume = {11},
}